@article{Nissen2017,
author = {Nissen, Katrin M. and Ulbrich, Uwe},
doi = {10.5194/nhess-17-1177-2017},
issn = {16849981},
journal = {Natural Hazards and Earth System Sciences},
month = {jul},
number = {7},
pages = {1177--1190},
publisher = {Copernicus GmbH},
title = {{Increasing frequencies and changing characteristics of heavy precipitation events threatening infrastructure in Europe under climate change}},
volume = {17},
year = {2017}
}

@incollection{Camacho2007,
author = {Camacho, E. F. and Bordons, C.},
booktitle = {Advanced Textbooks in Control and Signal Processing},
doi = {10.1007/978-0-85729-398-5_1},
issn = {25103814},
keywords = {Generalize predictive control,Model predictive control,Model predictive control algorithm,Model predictive control strategy,Reference trajectory},
number = {9781852336943},
pages = {1--11},
publisher = {Springer International Publishing},
title = {{Introduction to model predictive control}},
year = {2007}
}

@techreport{Klise2020,
	author={Klise, Katherine and Hart, David and Bynum, Michael and Hogge, Joseph and Haxton, Terranna and Murray, Regan and Burkhardt, Jonathan},
	title={Water Network Tool for Resilience (WNTR) User manual.},
	year={2020},
	institution={Sandia National Lab.(SNL-NM), Albuquerque, NM (United States)}
}

@article{Thurner2018,
	author = {Thurner, Leon and Scheidler, Alexander and Schafer, Florian and Menke, Jan Hendrik and Dollichon, Julian and Meier, Friederike and Meinecke, Steffen and Braun, Martin},
	doi = {10.1109/TPWRS.2018.2829021},
	eprint = {1709.06743},
	issn = {08858950},
	journal = {IEEE Transactions on Power Systems},
	month = {nov},
	number = {6},
	pages = {6510--6521},
	publisher = {Institute of Electrical and Electronics Engineers Inc.},
	title = {{Pandapower - An open-source Python tool for convenient modeling, analysis, and optimization of electric power systems}},
	volume = {33},
	year = {2018}
}

@book{Boyles2020,
	author = "Stephen D. Boyles and Nicholas E. Lownes and A. Unnikrishnan",
	year = "2020",
	title = "Transportation Network Analysis",
	volume = "1",
	edition = "0.85" 
}